%special functions
@book{beals_wong_2010, place={Cambridge}, series={Cambridge Studies in Advanced Mathematics}, title={Special Functions: A Graduate Text}, DOI={10.1017/CBO9780511762543}, publisher={Cambridge University Press}, author={Beals, Richard and Wong, Roderick}, year={2010}, collection={Cambridge Studies in Advanced Mathematics}}
%nist website
@misc{NIST:DLMF,
         key = "{\relax DLMF}",
       title = "{\it NIST Digital Library of Mathematical Functions}",
howpublished = "http://dlmf.nist.gov/, Release 1.1.1 of 2021-03-15",
         url = "http://dlmf.nist.gov/",
        note = "F.~W.~J. Olver, A.~B. {Olde Daalhuis}, D.~W. Lozier, B.~I. Schneider,
                R.~F. Boisvert, C.~W. Clark, B.~R. Miller, B.~V. Saunders,
                H.~S. Cohl, and M.~A. McClain, eds."}
%Airy integrals
@article{Albright_1977,
	doi = {10.1088/0305-4470/10/4/011},
	url = {https://doi.org/10.1088/0305-4470/10/4/011},
	year = 1977,
	month = {apr},
	publisher = {{IOP} Publishing},
	volume = {10},
	number = {4},
	pages = {485--490},
	author = {J R Albright},
	title = {Integrals of products of Airy functions},
	journal = {Journal of Physics A: Mathematical and General},
	abstract = {A large number of indefinite integrals of the form integral xny1y2dx have been evaluated in terms of x, y1, y2 and their first derivatives; y1 and y2 are both solutions of the differential equation y"=xy. Some of these integrals can be applied to the quantum mechanical problem of a particle in a uniform field of force.}
}
%Airy book
@book{Vallee:2010:AFA,
    author = {Vall{\'e}e, Olivier and Soares, Manuel},
     title = {Airy Functions and Applications to Physics},
   edition = {Second},
 publisher = {Imperial College Press},
   address = {London},
      year = {2010},
     pages = {x+202},
      isbn = {978-1-84816-548-9; 1-84816-548-X},
   mrclass = {33C10 (33-02 81S30)},
  mrnumber = {2722693},
     zblno = {1207.33010}
}
%semiclassical
@book{brack:semiclassical,
  added-at = {2011-08-23T10:19:44.000+0200},
  author = {Brack, Matthias and Bhaduri, Rajat},
  biburl = {https://www.bibsonomy.org/bibtex/2848f6a5b6ce9af2db92470f2f5ea2f81/jgurian},
  groups = {public},
  interhash = {26aee57bc18168b2b3e5659c0cdcb62b},
  intrahash = {848f6a5b6ce9af2db92470f2f5ea2f81},
  keywords = {},
  mendeley-groups = {Complete Library},
  publisher = {Addison-Wesley Publishing Company, Inc.},
  timestamp = {2011-08-23T10:19:44.000+0200},
  title = {Semiclassical Physics},
  username = {jgurian},
  year = 1997
}
%green book
@book{economou2006green,
  title={Green's Functions in Quantum Physics},
  author={Economou, E.N.},
  isbn={9783540122661},
  lccn={2006926231},
  series={Springer Series in Solid-State Sciences},
  url={https://books.google.hu/books?id=s0gsAAAAYAAJ},
  year={2006},
  publisher={Springer}
}
%online green doc
@misc{pertergreen,
  title = {Course NotesSolving the Schrödinger Equation: Resolvents},
  author = {F. Porter},
  note  =  {\url{http://www.hep.caltech.edu/~fcp/physics/quantumMechanics/resolvent/resolvent.pdf}},
  note = {Accessed: 28-5-2021},
}
%quantum bouncer 1
@misc{vankov2009quantum,
      title={Quantum bouncer: theory and experiment}, 
      author={Anatoli Andrei Vankov},
      year={2009},
      eprint={0906.5138},
      archivePrefix={arXiv},
      primaryClass={quant-ph}
}
%quantum bounnceer 2 also 2d rotated open box
@article{doi:10.1119/1.10024,
author = {Gibbs,R. L. },
title = {The quantum bouncer},
journal = {American Journal of Physics},
volume = {43},
number = {1},
pages = {25-28},
year = {1975},
doi = {10.1119/1.10024},

URL = { 
        https://doi.org/10.1119/1.10024
    
},
eprint = { 
        https://doi.org/10.1119/1.10024
    
}

}
%quantum bouncer 3 path integral
@article{doi:10.1119/1.16673,
author = {Goodings,D. A.  and Szeredi,T. },
title = {The quantum bouncer by the path integral method},
journal = {American Journal of Physics},
volume = {59},
number = {10},
pages = {924-930},
year = {1991},
doi = {10.1119/1.16673},

URL = { 
        https://doi.org/10.1119/1.16673
    
},
eprint = { 
        https://doi.org/10.1119/1.16673
    
}

}
%landau 3
@book{Landau1981Quantum,
  abstract = {{This edition has been completely revised to include some 20\% of new material. Important recent developments such as the theory of Regge poles are now included. Many problems with solutions have been added to those already contained in the book.}},
  added-at = {2014-01-09T15:14:33.000+0100},
  author = {Landau, L. D. and Lifshitz, L. M.},
  biburl = {https://www.bibsonomy.org/bibtex/21aff86f11dd4dda1e49fd247e0f0f331/jaspervh},
  citeulike-article-id = {1284485},
  citeulike-linkout-0 = {http://www.amazon.ca/exec/obidos/redirect?tag=citeulike09-20&amp;path=ASIN/0750635398},
  citeulike-linkout-1 = {http://www.amazon.de/exec/obidos/redirect?tag=citeulike01-21&amp;path=ASIN/0750635398},
  citeulike-linkout-10 = {http://www.worldcat.org/oclc/846962062},
  citeulike-linkout-2 = {http://www.amazon.fr/exec/obidos/redirect?tag=citeulike06-21&amp;path=ASIN/0750635398},
  citeulike-linkout-3 = {http://www.amazon.jp/exec/obidos/ASIN/0750635398},
  citeulike-linkout-4 = {http://www.amazon.co.uk/exec/obidos/ASIN/0750635398/citeulike00-21},
  citeulike-linkout-5 = {http://www.amazon.com/exec/obidos/redirect?tag=citeulike07-20&path=ASIN/0750635398},
  citeulike-linkout-6 = {http://www.worldcat.org/isbn/0750635398},
  citeulike-linkout-7 = {http://books.google.com/books?vid=ISBN0750635398},
  citeulike-linkout-8 = {http://www.amazon.com/gp/search?keywords=0750635398&index=books&linkCode=qs},
  citeulike-linkout-9 = {http://www.librarything.com/isbn/0750635398},
  day = 15,
  edition = 3,
  howpublished = {Paperback},
  interhash = {e25ee5b7dc2fd3f32914663669279218},
  intrahash = {1aff86f11dd4dda1e49fd247e0f0f331},
  isbn = {0750635398},
  keywords = {book},
  month = jan,
  posted-at = {2011-05-23 16:54:40},
  priority = {2},
  publisher = {Butterworth-Heinemann},
  timestamp = {2014-01-09T15:14:33.000+0100},
  title = {Quantum Mechanics Non-Relativistic Theory, Third Edition: Volume 3},
  url = {http://www.worldcat.org/isbn/0750635398},
  year = 1981
}
%griffiths
@book{Griffiths2004Introduction,
  abstract = {{<P><B></B> This book first teaches learners how to <I>do</I> quantum mechanics, and then provides them with a more insightful discussion of what it <I>means.</I> Fundamental principles are covered, quantum theory presented, and special techniques developed for attacking realistic problems. <B></B> The book's two-part coverage organizes topics under basic theory, and assembles an arsenal of approximation schemes with illustrative applications. <B></B> For physicists and engineers.  </P>}},
  added-at = {2013-09-09T23:59:35.000+0200},
  author = {Griffiths, David J.},
  biburl = {https://www.bibsonomy.org/bibtex/2e6c54131392a36d69fd867dc19217820/jacksankey},
  citeulike-article-id = {2169084},
  citeulike-linkout-0 = {http://www.amazon.ca/exec/obidos/redirect?tag=citeulike09-20\&amp;path=ASIN/0131118927},
  citeulike-linkout-1 = {http://www.amazon.de/exec/obidos/redirect?tag=citeulike01-21\&amp;path=ASIN/0131118927},
  citeulike-linkout-10 = {http://www.worldcat.org/oclc/53926857},
  citeulike-linkout-2 = {http://www.amazon.fr/exec/obidos/redirect?tag=citeulike06-21\&amp;path=ASIN/0131118927},
  citeulike-linkout-3 = {http://www.amazon.jp/exec/obidos/ASIN/0131118927},
  citeulike-linkout-4 = {http://www.amazon.co.uk/exec/obidos/ASIN/0131118927/citeulike00-21},
  citeulike-linkout-5 = {http://www.amazon.com/exec/obidos/redirect?tag=citeulike07-20\&path=ASIN/0131118927},
  citeulike-linkout-6 = {http://www.worldcat.org/isbn/0131118927},
  citeulike-linkout-7 = {http://books.google.com/books?vid=ISBN0131118927},
  citeulike-linkout-8 = {http://www.amazon.com/gp/search?keywords=0131118927\&index=books\&linkCode=qs},
  citeulike-linkout-9 = {http://www.librarything.com/isbn/0131118927},
  day = 10,
  edition = {2nd},
  howpublished = {Hardcover},
  interhash = {947fdd1c942ba1fb6dbf585af1a03ba4},
  intrahash = {e6c54131392a36d69fd867dc19217820},
  isbn = {0131118927},
  keywords = {book, quantum-mechanics},
  month = apr,
  posted-at = {2013-03-10 21:23:51},
  priority = {2},
  publisher = {Pearson Prentice Hall},
  timestamp = {2013-09-09T23:59:35.000+0200},
  title = {{Introduction to Quantum Mechanics (2nd Edition)}},
  url = {http://www.amazon.com/exec/obidos/redirect?tag=citeulike07-20\&path=ASIN/0131118927},
  year = 2004
}
%sakurai
@book{Sakurai:1167961,
      author        = "Sakurai, Jun John",
      title         = "{Modern quantum mechanics; rev. ed.}",
      publisher     = "Addison-Wesley",
      address       = "Reading, MA",
      year          = "1994",
      url           = "https://cds.cern.ch/record/1167961",
}
%panda
@article{doi:10.1007/s12043-001-0081-1,
author = {S. Panda and B.K. Panda},
title = {Analytic methods for field induced tunneling in quantum wells with arbitrary potential profiles.},
journal = {Pramana - J Phys},
volume = {56},
pages = {809–822 },
year = {1991},
doi = {10.1007/s12043-001-0081-1},

URL = { 
        https://doi.org/10.1007/s12043-001-0081-1
    
},
eprint = { 
        https://doi.org/10.1007/s12043-001-0081-1
    
}

}











